%% LaTeX2e file `bibexample.bib'
%% generated by the `filecontents' environment
%% from source `main' on 2022/09/22.
%%
@article{zhou2022costly,
  title={Costly incentives design from an institutional perspective: cooperation, sustainability and affluence},
  author={Zhou, Xin and Belloum, Adam and Lees, Michael H and van Engers, Tom and de Laat, Cees},
  journal={Proceedings of the Royal Society A},
  volume={478},
  number={2265},
  pages={20220393},
  year={2022},
  publisher={The Royal Society}
}